<?xml version="1.0" encoding="UTF-8"?>
<record xmlns="http://www.loc.gov/MARC21/slim">
   <leader>00964cam a22001935  4500</leader>
   <controlfield tag="001">2579842</controlfield>
   <controlfield tag="003">NjP</controlfield>
   <controlfield tag="005">20180208162507.0</controlfield>
   <controlfield tag="008">990728s1891    le c          000 0 ara d</controlfield>
   <datafield tag="024" ind1="7" ind2=" ">
      <subfield code="a">princeton_aco004267</subfield>
      <subfield code="2">local</subfield>
   </datafield>
   <datafield ind1=" " ind2=" " tag="035">
      <subfield code="a">(OCoLC)ocm41972656</subfield>
   </datafield>
   <datafield ind1=" " ind2=" " tag="035">
      <subfield code="9">CMF1987TS</subfield>
   </datafield>
   <datafield ind1=" " ind2=" " tag="040">
      <subfield code="a">PUL</subfield>
      <subfield code="c">PUL</subfield>
   </datafield>
   <datafield ind1="1" ind2=" " tag="100">
      <subfield code="a">Tarrāzī, Fīlīb Dī,</subfield>
      <subfield code="d">1865-1956</subfield>
      <subfield code="0">http://id.loc.gov/authorities/names/nr94026510</subfield>
   </datafield>
   <datafield ind1="0" ind2="3" tag="245">
      <subfield code="a">al-Qilādah al-nafīsah fī faqīd al-ʻilm wa-al-kanīsah ...</subfield>
      <subfield code="b">Iqlīmīs Yūsuf Dāwud ... wa-huwa majmūʻ mā warada fī taʼbīn al-ḥibr al-mushār ilayhi min afāḍil al-sharq wa-al gharb fī ʻishrīn lughah.</subfield>
   </datafield>
   <datafield ind1="0" ind2=" " tag="246">
      <subfield code="i">Added t.p.:</subfield>
      <subfield code="a">Collier précieux, ou biographie de Mgr. Clément Joseph David ...</subfield>
      <subfield code="b">et recueil des élégies composées en son honneur ...</subfield>
   </datafield>
   <datafield ind1=" " ind2=" " tag="260">
      <subfield code="a">Beirut,</subfield>
      <subfield code="b">al-Maṭbʻah al-Kāthūlīkīyah,</subfield>
      <subfield code="c">1891.</subfield>
   </datafield>
   <datafield ind1=" " ind2=" " tag="300">
      <subfield code="a">203 p.</subfield>
      <subfield code="b">port.</subfield>
      <subfield code="c">21 cm.</subfield>
   </datafield>
   <datafield ind1="4" ind2=" " tag="856">
      <subfield code="u">http://hdl.handle.net/2027/njp.32101063973919</subfield>
   </datafield>
   <datafield ind1=" " ind2=" " tag="945">
      <subfield code="a">ANXA</subfield>
      <subfield code="b">1</subfield>
      <subfield code="c">2269.2618 D3.944</subfield>
   </datafield>
   <datafield ind1=" " ind2=" " tag="911">
      <subfield code="a">19991015</subfield>
   </datafield>
   <datafield ind1="8" ind2="0" tag="852">
      <subfield code="0">2884804</subfield>
      <subfield code="b">rcppa</subfield>
      <subfield code="t">1</subfield>
      <subfield code="h">2269.2618 D3.944</subfield>
      <subfield code="x">tr fr anxa</subfield>
   </datafield>
   <datafield ind1="8" ind2=" " tag="852">
      <subfield code="0">8738545</subfield>
      <subfield code="b">elf1</subfield>
      <subfield code="h">Electronic Resource</subfield>
   </datafield>
   <datafield ind1=" " ind2=" " tag="959">
      <subfield code="a">2000-06-08 00:00:00 -0500</subfield>
   </datafield>
</record>
